%% This BibTeX bibliography file was created using BibDesk.
%% http://bibdesk.sourceforge.net/


%% Created for Joseph Hejderup at 2013-11-17 12:49:04 +0100 


%% Saved with string encoding Unicode (UTF-8) 




@unpublished{LectureCC,
	Author = {A. Iosup},
	Date-Modified = {2013-11-17 11:33:58 +0000},
	Institution = {TU Delft},
	Note = {University Lecture},
	Title = {Introduction to Cloud Computing},
	Year = {2012-2013}}

@misc{tess,
      title = "TESSERACT(1) Manual Page",
      howpublished = "\url{http://tesseract-ocr.googlecode.com/svn/trunk/doc/tesseract.1.html}"
}

@misc{akka,
	  Author = {Peter Veentjer},
      title = {Akka and the Java Memory Model},
      month = {July},
      year = {2011},
      howpublished = {\url{http://typesafe.com/blog/akka-and-the-java-memory-model}}
}

@misc{com,
	  Author = {Well-Typed LLP},
      title = {Communication Patterns in Cloud Haskell (Part 1)},
      month = {Oct},
      year = {2012},
      howpublished = {\url{http://www.well-typed.com/blog/71}}
}

@misc{wyatt,
	  Author = {Derek Wyatt},
      title = {Balancing Workload Across Nodes with Akka 2},
      month = {Aug},
      year = {2012},
      howpublished = {\url{http://letitcrash.com/post/29044669086/balancing-workload-across-nodes-with-akka-2}}
}

@misc{amazon,
	  Author = {Amazon Web Services},
      title = {Amazon Elastic Compute Cloud (Amazon EC2)},
      howpublished = {\url{http://aws.amazon.com/ec2/}}
}


@misc{ec2node,
	  Author = {Amazon Web Services},
      title = {Amazon EC2 Instances},
      howpublished = {\url{ttp://aws.amazon.com/ec2/instance-types/}}
}


h
@book{agha,
 author = {Agha, Gul},
 title = {Actors: A Model of Concurrent Computation in Distributed Systems},
 year = {1986},
 isbn = {0-262-01092-5},
 publisher = {MIT Press},
 address = {Cambridge, MA, USA},
} 